<?xml version="1.0" encoding="UTF-8"?><collection xmlns="http://www.loc.gov/MARC21/slim"><record><leader>00392nam--2200145-i-4500</leader><controlfield tag="001">000017536</controlfield><controlfield tag="002">20161230</controlfield><controlfield tag="005">20170205221528</controlfield><controlfield tag="008">060222s1000------------r-----000-0-eng-d</controlfield><datafield ind1=" " ind2=" " tag="245"><subfield code="a">Advances in fluorine chemistry</subfield></datafield><datafield ind1=" " ind2=" " tag="260"><subfield code="a">London</subfield><subfield code="b">Butterworths Scientific Publ</subfield><subfield code="c">1960-</subfield></datafield><datafield ind1=" " ind2=" " tag="490"><subfield code="a">Advances In Fluorine Chemistry</subfield></datafield><datafield ind1=" " ind2=" " tag="700"><subfield code="a">Sharpe, A. G</subfield></datafield><datafield ind1=" " ind2=" " tag="852"><subfield code="a">15928</subfield></datafield><datafield ind1=" " ind2=" " tag="CAT"><subfield code="a">SYS</subfield><subfield code="c">20170205</subfield><subfield code="h">221528</subfield></datafield></record></collection>